@MISC{bloch_sphere,
  author =	{Smite-Meister},
  title =	{{Bloch sphere}},
  URL =		{https://commons.wikimedia.org/w/index.php?curid=5829358},
  annote =	{Keywords: Quantum algorithms, Hamiltonian simulation, Quantum machine learning}
}

@MISC{physical_qubits, 
    title = {{Practical realization of Quantum Computation}},
    URL = {https://www.physics.udel.edu/~msafrono/650/Lecture19old.pdf}
}

@book{preskill, 
    title = {{Preskill's notes Chaper 2}}, 
    URL = {http://theory.caltech.edu/~preskill/ph219/chap2_15.pdf}
}


@book{nielsen00,
  added-at = {2010-06-22T17:54:31.000+0200},
  author = {Nielsen, Michael A. and Chuang, Isaac L.},
  biburl = {https://www.bibsonomy.org/bibtex/222bf6f3de23faf420214d738924ac21b/mcclung},
  interhash = {140ce4be72c2994b45286dbaa98d0bd3},
  intrahash = {22bf6f3de23faf420214d738924ac21b},
  keywords = {computing information quantum},
  publisher = {Cambridge University Press},
  timestamp = {2010-06-22T17:54:31.000+0200},
  title = {Quantum Computation and Quantum Information},
  year = 2000
}

