@InProceedings{example,
  author =	{Shantanav Chakraborty and Andr{\'a}s Gily{\'e}n and Stacey Jeffery},
  title =	{{The Power of Block-Encoded Matrix Powers: Improved Regression Techniques via Faster Hamiltonian Simulation}},
  booktitle =	{46th International Colloquium on Automata, Languages, and Programming (ICALP 2019)},
  pages =	{33:1--33:14},
  series =	{Leibniz International Proceedings in Informatics (LIPIcs)},
  ISBN =	{978-3-95977-109-2},
  ISSN =	{1868-8969},
  year =	{2019},
  volume =	{132},
  editor =	{Christel Baier and Ioannis Chatzigiannakis and Paola Flocchini and Stefano Leonardi},
  publisher =	{Schloss Dagstuhl--Leibniz-Zentrum fuer Informatik},
  address =	{Dagstuhl, Germany},
  URL =		{http://drops.dagstuhl.de/opus/volltexte/2019/10609},
  URN =		{urn:nbn:de:0030-drops-106092},
  doi =		{10.4230/LIPIcs.ICALP.2019.33},
  annote =	{Keywords: Quantum algorithms, Hamiltonian simulation, Quantum machine learning}
}
